@comment{x-kbibtex-personnameformatting=<%l><, %f>}


@article{paper-nacho,
	author = "LEONARDO DÍAZ, CHARLES TRUJILLO M.",
	journal = "",
	pages = "",
	title = "{ Diseño de un bobinado estatórico
en base a la caracterización de un
generador eléctrico de flujo axial
}",
	volume = "",
	year = ""
}

@book{handbook,
  title="{CRC Handbook of Chemistry and Physics. Section 5: Thermochemistry, Electrochemistry, and Kinetics	; Ionic Conductivity and Diffusion at Infinite Dilution}",
  author={Lide, DR},
  year={2005},
  publisher={Boca Raton, Florida: CRC Press}
}
%
%@book{informe-tecnico,
%  title="{Determinación de la inmortalidad del cangrejo}",
%  author="{ITE-EN\_GIN-XXXX Rev. 00}"
}

